<record><leader>00000cas a22000007a 4500</leader><controlfield tag="001">14052200</controlfield><controlfield tag="008">860806d19211925mtuwr ne      0    0eng d</controlfield><datafield ind1=" " ind2=" " tag="010"><subfield code="a">sn 86075279 </subfield></datafield><datafield ind1=" " ind2=" " tag="040"><subfield code="a">MTL</subfield><subfield code="b">eng</subfield><subfield code="c">MTL</subfield><subfield code="d">OCLCQ</subfield></datafield><datafield ind1=" " ind2=" " tag="042"><subfield code="a">msc</subfield></datafield><datafield ind1="0" ind2="0" tag="245"><subfield code="a">Sumatra sun.</subfield></datafield><datafield ind1=" " ind2=" " tag="260"><subfield code="a">Sumatra, Mont. :</subfield><subfield code="b">Cosgrove &amp; Midgett,</subfield><subfield code="c">-1925.</subfield></datafield><datafield ind1=" " ind2=" " tag="300"><subfield code="a">v. :</subfield><subfield code="b">ill.</subfield></datafield><datafield ind1=" " ind2=" " tag="310"><subfield code="a">Weekly</subfield></datafield><datafield ind1="0" ind2=" " tag="362"><subfield code="a">-v. 3, no. 36 (Sept. 3, 1925).</subfield></datafield><datafield ind1="1" ind2=" " tag="362"><subfield code="a">Began in 1921.</subfield><subfield code="z">Cf. Gregory, W. Amer. newspapers, 1821-1936.</subfield></datafield><datafield ind1=" " ind2=" " tag="588"><subfield code="a">Description based on: Vol. 2, no. 35 (Nov. 23, 1922).</subfield></datafield><datafield ind1=" " ind2=" " tag="752"><subfield code="a">United States</subfield><subfield code="b">Montana</subfield><subfield code="c">Rosebud</subfield><subfield code="d">Sumatra.</subfield></datafield></record>